%YAML 1.1
%TAG !u! tag:unity3d.com,2011:
--- !u!1 &582649167141134260
GameObject:
  m_ObjectHideFlags: 0
  m_CorrespondingSourceObject: {fileID: 0}
  m_PrefabInstance: {fileID: 0}
  m_PrefabAsset: {fileID: 0}
  serializedVersion: 6
  m_Component:
  - component: {fileID: 582649167141134261}
  - component: {fileID: 582649167141134263}
  - component: {fileID: 7264849712531425870}
  m_Layer: 0
  m_Name: turret_green_single_lv1
  m_TagString: turret_single_green_lv1
  m_Icon: {fileID: 0}
  m_NavMeshLayer: 0
  m_StaticEditorFlags: 0
  m_IsActive: 1
--- !u!4 &582649167141134261
Transform:
  m_ObjectHideFlags: 0
  m_CorrespondingSourceObject: {fileID: 0}
  m_PrefabInstance: {fileID: 0}
  m_PrefabAsset: {fileID: 0}
  m_GameObject: {fileID: 582649167141134260}
  m_LocalRotation: {x: -0, y: -0, z: -0, w: 1}
  m_LocalPosition: {x: 0, y: 0, z: 0}
  m_LocalScale: {x: 1, y: 1, z: 1}
  m_Children:
  - {fileID: 1814554765153854538}
  m_Father: {fileID: 582649168434762862}
  m_RootOrder: 0
  m_LocalEulerAnglesHint: {x: 0, y: 0, z: 0}
--- !u!212 &582649167141134263
SpriteRenderer:
  m_ObjectHideFlags: 0
  m_CorrespondingSourceObject: {fileID: 0}
  m_PrefabInstance: {fileID: 0}
  m_PrefabAsset: {fileID: 0}
  m_GameObject: {fileID: 582649167141134260}
  m_Enabled: 1
  m_CastShadows: 0
  m_ReceiveShadows: 0
  m_DynamicOccludee: 1
  m_MotionVectors: 1
  m_LightProbeUsage: 1
  m_ReflectionProbeUsage: 1
  m_RenderingLayerMask: 1
  m_RendererPriority: 0
  m_Materials:
  - {fileID: 10754, guid: 0000000000000000f000000000000000, type: 0}
  m_StaticBatchInfo:
    firstSubMesh: 0
    subMeshCount: 0
  m_StaticBatchRoot: {fileID: 0}
  m_ProbeAnchor: {fileID: 0}
  m_LightProbeVolumeOverride: {fileID: 0}
  m_ScaleInLightmap: 1
  m_PreserveUVs: 0
  m_IgnoreNormalsForChartDetection: 0
  m_ImportantGI: 0
  m_StitchLightmapSeams: 0
  m_SelectedEditorRenderState: 0
  m_MinimumChartSize: 4
  m_AutoUVMaxDistance: 0.5
  m_AutoUVMaxAngle: 89
  m_LightmapParameters: {fileID: 0}
  m_SortingLayerID: 0
  m_SortingLayer: 0
  m_SortingOrder: 0
  m_Sprite: {fileID: 21300000, guid: 9b875499393be1c4db4367d39ee10a48, type: 3}
  m_Color: {r: 1, g: 1, b: 1, a: 1}
  m_FlipX: 0
  m_FlipY: 0
  m_DrawMode: 0
  m_Size: {x: 1.7, y: 1.7}
  m_AdaptiveModeThreshold: 0.5
  m_SpriteTileMode: 0
  m_WasSpriteAssigned: 1
  m_MaskInteraction: 0
  m_SpriteSortPoint: 0
--- !u!60 &7264849712531425870
PolygonCollider2D:
  m_ObjectHideFlags: 0
  m_CorrespondingSourceObject: {fileID: 0}
  m_PrefabInstance: {fileID: 0}
  m_PrefabAsset: {fileID: 0}
  m_GameObject: {fileID: 582649167141134260}
  m_Enabled: 1
  m_Density: 1
  m_Material: {fileID: 0}
  m_IsTrigger: 0
  m_UsedByEffector: 0
  m_UsedByComposite: 0
  m_Offset: {x: 0, y: 0}
  m_SpriteTilingProperty:
    border: {x: 0, y: 0, z: 0, w: 0}
    pivot: {x: 0.5, y: 0.5}
    oldSize: {x: 1.7, y: 1.7}
    newSize: {x: 1.7, y: 1.7}
    adaptiveTilingThreshold: 0.5
    drawMode: 0
    adaptiveTiling: 0
  m_AutoTiling: 0
  m_Points:
    m_Paths:
    - - {x: 0.77489996, y: 0.08489998}
      - {x: 0.22489998, y: 0.17489998}
      - {x: -0.09510002, y: 0.17489998}
      - {x: -0.17510001, y: 0.094899975}
      - {x: -0.17510001, y: -0.15510002}
      - {x: -0.09510002, y: -0.17510001}
      - {x: 0.46489996, y: -0.17510001}
      - {x: 0.79489994, y: -0.12510002}
      - {x: 0.8149, y: -0.05510002}
      - {x: 0.8149, y: 0.06489997}
--- !u!1 &582649168434762861
GameObject:
  m_ObjectHideFlags: 0
  m_CorrespondingSourceObject: {fileID: 0}
  m_PrefabInstance: {fileID: 0}
  m_PrefabAsset: {fileID: 0}
  serializedVersion: 6
  m_Component:
  - component: {fileID: 582649168434762862}
  - component: {fileID: 6186703963907386361}
  - component: {fileID: 6112008328929460850}
  - component: {fileID: 5510256040286076320}
  m_Layer: 0
  m_Name: turret_green_single
  m_TagString: turret_single
  m_Icon: {fileID: 0}
  m_NavMeshLayer: 0
  m_StaticEditorFlags: 0
  m_IsActive: 1
--- !u!4 &582649168434762862
Transform:
  m_ObjectHideFlags: 0
  m_CorrespondingSourceObject: {fileID: 0}
  m_PrefabInstance: {fileID: 0}
  m_PrefabAsset: {fileID: 0}
  m_GameObject: {fileID: 582649168434762861}
  m_LocalRotation: {x: 0, y: 0, z: 0, w: 1}
  m_LocalPosition: {x: 0, y: 0, z: -0.7063582}
  m_LocalScale: {x: 1, y: 1, z: 1}
  m_Children:
  - {fileID: 582649167141134261}
  - {fileID: 2629783742298375902}
  - {fileID: 5388531613178612454}
  m_Father: {fileID: 0}
  m_RootOrder: 0
  m_LocalEulerAnglesHint: {x: 0, y: 0, z: 0}
--- !u!50 &6186703963907386361
Rigidbody2D:
  serializedVersion: 4
  m_ObjectHideFlags: 0
  m_CorrespondingSourceObject: {fileID: 0}
  m_PrefabInstance: {fileID: 0}
  m_PrefabAsset: {fileID: 0}
  m_GameObject: {fileID: 582649168434762861}
  m_BodyType: 2
  m_Simulated: 1
  m_UseFullKinematicContacts: 0
  m_UseAutoMass: 0
  m_Mass: 1
  m_LinearDrag: 0
  m_AngularDrag: 0.05
  m_GravityScale: 1
  m_Material: {fileID: 0}
  m_Interpolate: 0
  m_SleepingMode: 1
  m_CollisionDetection: 0
  m_Constraints: 0
--- !u!114 &6112008328929460850
MonoBehaviour:
  m_ObjectHideFlags: 0
  m_CorrespondingSourceObject: {fileID: 0}
  m_PrefabInstance: {fileID: 0}
  m_PrefabAsset: {fileID: 0}
  m_GameObject: {fileID: 582649168434762861}
  m_Enabled: 1
  m_EditorHideFlags: 0
  m_Script: {fileID: 11500000, guid: 5cc9aa6dfc36b36439cc3784dbc0ff1c, type: 3}
  m_Name: 
  m_EditorClassIdentifier: 
  closestEnemy: {x: 0, y: 0}
  enemyFound: 0
  bullet_lvl_1: {fileID: 8318176089401717882, guid: c5c9e86d83a1a7646b10e9c41b44bb6a,
    type: 3}
  bullet_lvl_2: {fileID: 6154635085894049441, guid: 656473e8de58e6445966e43e759e3ab4,
    type: 3}
  bullet_lvl_3_blue: {fileID: 425228036891165859, guid: f2e951ccee81fd447b24a466ee46eff0,
    type: 3}
  bullet_lvl_3_green: {fileID: 114317092523753887, guid: 21b3c48f0602f6c41a00c4471601373e,
    type: 3}
  bullet_lvl_3_purple: {fileID: 3979715494553065554, guid: 95af1d815c7845f478e01f3fbe5b9bd1,
    type: 3}
  bullet_lvl_3_red: {fileID: 8860745395513876929, guid: 470489afb7fe4104eb95fa9275aa7f48,
    type: 3}
  missile_lvl_1: {fileID: 0}
  missile_lvl_2: {fileID: 0}
  missile_lvl_3: {fileID: 0}
  bullet_lvl_1_shot: {fileID: 8300000, guid: 2861b535499fff642add51e1fe206df2, type: 3}
  bullet_lvl_2_shot: {fileID: 8300000, guid: fa1868caaf19932498163e3f730dbaee, type: 3}
  bullet_lvl_3_shot: {fileID: 8300000, guid: b0049ce69eb0bd844bce828583f50003, type: 3}
  audio_source: {fileID: 5510256040286076320}
  single_barrel: {fileID: 4900288961213375659}
  double_barrel_1: {fileID: 0}
  double_barrel_2: {fileID: 0}
  triple_barrel_1: {fileID: 0}
  triple_barrel_2: {fileID: 0}
  triple_barrel_3: {fileID: 0}
  sniper_barrel: {fileID: 0}
  missile_spot: {fileID: 0}
  turret_top: {fileID: 582649167141134260}
  turret_base: {fileID: 3570296779029086593}
  turret_safeArea: {fileID: 1234764442672413673}
  turret_name: 
  turret_colour_level: 0
  turret_fireRate_level: 0
  turret_range: 0
  turret_fireRate: 0
  timeSinceLastShot: 0
  turretPlaced: 0
  mouseOverTurret: 0
--- !u!82 &5510256040286076320
AudioSource:
  m_ObjectHideFlags: 0
  m_CorrespondingSourceObject: {fileID: 0}
  m_PrefabInstance: {fileID: 0}
  m_PrefabAsset: {fileID: 0}
  m_GameObject: {fileID: 582649168434762861}
  m_Enabled: 1
  serializedVersion: 4
  OutputAudioMixerGroup: {fileID: 0}
  m_audioClip: {fileID: 0}
  m_PlayOnAwake: 1
  m_Volume: 1
  m_Pitch: 1
  Loop: 0
  Mute: 0
  Spatialize: 0
  SpatializePostEffects: 0
  Priority: 128
  DopplerLevel: 1
  MinDistance: 1
  MaxDistance: 500
  Pan2D: 0
  rolloffMode: 0
  BypassEffects: 0
  BypassListenerEffects: 0
  BypassReverbZones: 0
  rolloffCustomCurve:
    serializedVersion: 2
    m_Curve:
    - serializedVersion: 3
      time: 0
      value: 1
      inSlope: 0
      outSlope: 0
      tangentMode: 0
      weightedMode: 0
      inWeight: 0.33333334
      outWeight: 0.33333334
    - serializedVersion: 3
      time: 1
      value: 0
      inSlope: 0
      outSlope: 0
      tangentMode: 0
      weightedMode: 0
      inWeight: 0.33333334
      outWeight: 0.33333334
    m_PreInfinity: 2
    m_PostInfinity: 2
    m_RotationOrder: 4
  panLevelCustomCurve:
    serializedVersion: 2
    m_Curve:
    - serializedVersion: 3
      time: 0
      value: 0
      inSlope: 0
      outSlope: 0
      tangentMode: 0
      weightedMode: 0
      inWeight: 0.33333334
      outWeight: 0.33333334
    m_PreInfinity: 2
    m_PostInfinity: 2
    m_RotationOrder: 4
  spreadCustomCurve:
    serializedVersion: 2
    m_Curve:
    - serializedVersion: 3
      time: 0
      value: 0
      inSlope: 0
      outSlope: 0
      tangentMode: 0
      weightedMode: 0
      inWeight: 0.33333334
      outWeight: 0.33333334
    m_PreInfinity: 2
    m_PostInfinity: 2
    m_RotationOrder: 4
  reverbZoneMixCustomCurve:
    serializedVersion: 2
    m_Curve:
    - serializedVersion: 3
      time: 0
      value: 1
      inSlope: 0
      outSlope: 0
      tangentMode: 0
      weightedMode: 0
      inWeight: 0.33333334
      outWeight: 0.33333334
    m_PreInfinity: 2
    m_PostInfinity: 2
    m_RotationOrder: 4
--- !u!60 &2164902059698610549
PolygonCollider2D:
  m_ObjectHideFlags: 0
  m_CorrespondingSourceObject: {fileID: 0}
  m_PrefabInstance: {fileID: 0}
  m_PrefabAsset: {fileID: 0}
  m_GameObject: {fileID: 3570296779029086593}
  m_Enabled: 1
  m_Density: 1
  m_Material: {fileID: 0}
  m_IsTrigger: 0
  m_UsedByEffector: 0
  m_UsedByComposite: 0
  m_Offset: {x: 0, y: 0}
  m_SpriteTilingProperty:
    border: {x: 0, y: 0, z: 0, w: 0}
    pivot: {x: 0.5, y: 0.5}
    oldSize: {x: 1.7, y: 1.7}
    newSize: {x: 1.7, y: 1.7}
    adaptiveTilingThreshold: 0.5
    drawMode: 0
    adaptiveTiling: 0
  m_AutoTiling: 0
  m_Points:
    m_Paths:
    - - {x: 0.21, y: 0.35999998}
      - {x: 0.11, y: 0.39999998}
      - {x: -0.08, y: 0.39999998}
      - {x: -0.14, y: 0.39}
      - {x: -0.25, y: 0.32}
      - {x: -0.35, y: 0.21}
      - {x: -0.39999998, y: 0.11}
      - {x: -0.39999998, y: -0.16}
      - {x: -0.22, y: -0.35999998}
      - {x: -0.12, y: -0.39}
      - {x: 0.14, y: -0.39}
      - {x: 0.25, y: -0.32}
      - {x: 0.39, y: -0.14}
      - {x: 0.39, y: 0.16}
--- !u!1001 &1124249873267425181
PrefabInstance:
  m_ObjectHideFlags: 0
  serializedVersion: 2
  m_Modification:
    m_TransformParent: {fileID: 582649168434762862}
    m_Modifications:
    - target: {fileID: 2213766583013360756, guid: a37049d417e5582428bafa83e0aebe76,
        type: 3}
      propertyPath: m_Name
      value: safe_area
      objectReference: {fileID: 0}
    - target: {fileID: 4998375179539756411, guid: a37049d417e5582428bafa83e0aebe76,
        type: 3}
      propertyPath: m_LocalPosition.x
      value: 0
      objectReference: {fileID: 0}
    - target: {fileID: 4998375179539756411, guid: a37049d417e5582428bafa83e0aebe76,
        type: 3}
      propertyPath: m_LocalPosition.y
      value: 0
      objectReference: {fileID: 0}
    - target: {fileID: 4998375179539756411, guid: a37049d417e5582428bafa83e0aebe76,
        type: 3}
      propertyPath: m_LocalPosition.z
      value: 0.7252794
      objectReference: {fileID: 0}
    - target: {fileID: 4998375179539756411, guid: a37049d417e5582428bafa83e0aebe76,
        type: 3}
      propertyPath: m_LocalRotation.x
      value: -0
      objectReference: {fileID: 0}
    - target: {fileID: 4998375179539756411, guid: a37049d417e5582428bafa83e0aebe76,
        type: 3}
      propertyPath: m_LocalRotation.y
      value: -0
      objectReference: {fileID: 0}
    - target: {fileID: 4998375179539756411, guid: a37049d417e5582428bafa83e0aebe76,
        type: 3}
      propertyPath: m_LocalRotation.z
      value: -0
      objectReference: {fileID: 0}
    - target: {fileID: 4998375179539756411, guid: a37049d417e5582428bafa83e0aebe76,
        type: 3}
      propertyPath: m_LocalRotation.w
      value: 1
      objectReference: {fileID: 0}
    - target: {fileID: 4998375179539756411, guid: a37049d417e5582428bafa83e0aebe76,
        type: 3}
      propertyPath: m_RootOrder
      value: 2
      objectReference: {fileID: 0}
    - target: {fileID: 4998375179539756411, guid: a37049d417e5582428bafa83e0aebe76,
        type: 3}
      propertyPath: m_LocalEulerAnglesHint.x
      value: 0
      objectReference: {fileID: 0}
    - target: {fileID: 4998375179539756411, guid: a37049d417e5582428bafa83e0aebe76,
        type: 3}
      propertyPath: m_LocalEulerAnglesHint.y
      value: 0
      objectReference: {fileID: 0}
    - target: {fileID: 4998375179539756411, guid: a37049d417e5582428bafa83e0aebe76,
        type: 3}
      propertyPath: m_LocalEulerAnglesHint.z
      value: 0
      objectReference: {fileID: 0}
    m_RemovedComponents: []
  m_SourcePrefab: {fileID: 100100000, guid: a37049d417e5582428bafa83e0aebe76, type: 3}
--- !u!1 &1234764442672413673 stripped
GameObject:
  m_CorrespondingSourceObject: {fileID: 2213766583013360756, guid: a37049d417e5582428bafa83e0aebe76,
    type: 3}
  m_PrefabInstance: {fileID: 1124249873267425181}
  m_PrefabAsset: {fileID: 0}
--- !u!4 &5388531613178612454 stripped
Transform:
  m_CorrespondingSourceObject: {fileID: 4998375179539756411, guid: a37049d417e5582428bafa83e0aebe76,
    type: 3}
  m_PrefabInstance: {fileID: 1124249873267425181}
  m_PrefabAsset: {fileID: 0}
--- !u!1001 &1211074056044935204
PrefabInstance:
  m_ObjectHideFlags: 0
  serializedVersion: 2
  m_Modification:
    m_TransformParent: {fileID: 582649167141134261}
    m_Modifications:
    - target: {fileID: 6111327206588013711, guid: cd53642cd82efa34b981800ad6f4aff4,
        type: 3}
      propertyPath: m_Name
      value: single_barrel
      objectReference: {fileID: 0}
    - target: {fileID: 711584813181770862, guid: cd53642cd82efa34b981800ad6f4aff4,
        type: 3}
      propertyPath: m_LocalPosition.x
      value: 0.64
      objectReference: {fileID: 0}
    - target: {fileID: 711584813181770862, guid: cd53642cd82efa34b981800ad6f4aff4,
        type: 3}
      propertyPath: m_LocalPosition.y
      value: 0
      objectReference: {fileID: 0}
    - target: {fileID: 711584813181770862, guid: cd53642cd82efa34b981800ad6f4aff4,
        type: 3}
      propertyPath: m_LocalPosition.z
      value: -0.7
      objectReference: {fileID: 0}
    - target: {fileID: 711584813181770862, guid: cd53642cd82efa34b981800ad6f4aff4,
        type: 3}
      propertyPath: m_LocalRotation.x
      value: -0
      objectReference: {fileID: 0}
    - target: {fileID: 711584813181770862, guid: cd53642cd82efa34b981800ad6f4aff4,
        type: 3}
      propertyPath: m_LocalRotation.y
      value: -0
      objectReference: {fileID: 0}
    - target: {fileID: 711584813181770862, guid: cd53642cd82efa34b981800ad6f4aff4,
        type: 3}
      propertyPath: m_LocalRotation.z
      value: -0
      objectReference: {fileID: 0}
    - target: {fileID: 711584813181770862, guid: cd53642cd82efa34b981800ad6f4aff4,
        type: 3}
      propertyPath: m_LocalRotation.w
      value: 1
      objectReference: {fileID: 0}
    - target: {fileID: 711584813181770862, guid: cd53642cd82efa34b981800ad6f4aff4,
        type: 3}
      propertyPath: m_RootOrder
      value: 0
      objectReference: {fileID: 0}
    - target: {fileID: 711584813181770862, guid: cd53642cd82efa34b981800ad6f4aff4,
        type: 3}
      propertyPath: m_LocalEulerAnglesHint.x
      value: 0
      objectReference: {fileID: 0}
    - target: {fileID: 711584813181770862, guid: cd53642cd82efa34b981800ad6f4aff4,
        type: 3}
      propertyPath: m_LocalEulerAnglesHint.y
      value: 0
      objectReference: {fileID: 0}
    - target: {fileID: 711584813181770862, guid: cd53642cd82efa34b981800ad6f4aff4,
        type: 3}
      propertyPath: m_LocalEulerAnglesHint.z
      value: 0
      objectReference: {fileID: 0}
    m_RemovedComponents: []
  m_SourcePrefab: {fileID: 100100000, guid: cd53642cd82efa34b981800ad6f4aff4, type: 3}
--- !u!1 &4900288961213375659 stripped
GameObject:
  m_CorrespondingSourceObject: {fileID: 6111327206588013711, guid: cd53642cd82efa34b981800ad6f4aff4,
    type: 3}
  m_PrefabInstance: {fileID: 1211074056044935204}
  m_PrefabAsset: {fileID: 0}
--- !u!4 &1814554765153854538 stripped
Transform:
  m_CorrespondingSourceObject: {fileID: 711584813181770862, guid: cd53642cd82efa34b981800ad6f4aff4,
    type: 3}
  m_PrefabInstance: {fileID: 1211074056044935204}
  m_PrefabAsset: {fileID: 0}
--- !u!1001 &8275496782616856747
PrefabInstance:
  m_ObjectHideFlags: 0
  serializedVersion: 2
  m_Modification:
    m_TransformParent: {fileID: 582649168434762862}
    m_Modifications:
    - target: {fileID: 4851580194475215146, guid: 3f880b63616d73c4783bea1ff302081f,
        type: 3}
      propertyPath: m_Name
      value: base_default_green
      objectReference: {fileID: 0}
    - target: {fileID: 6243860568559505013, guid: 3f880b63616d73c4783bea1ff302081f,
        type: 3}
      propertyPath: m_LocalPosition.x
      value: 0
      objectReference: {fileID: 0}
    - target: {fileID: 6243860568559505013, guid: 3f880b63616d73c4783bea1ff302081f,
        type: 3}
      propertyPath: m_LocalPosition.y
      value: 0
      objectReference: {fileID: 0}
    - target: {fileID: 6243860568559505013, guid: 3f880b63616d73c4783bea1ff302081f,
        type: 3}
      propertyPath: m_LocalPosition.z
      value: 0.1
      objectReference: {fileID: 0}
    - target: {fileID: 6243860568559505013, guid: 3f880b63616d73c4783bea1ff302081f,
        type: 3}
      propertyPath: m_LocalRotation.x
      value: 0
      objectReference: {fileID: 0}
    - target: {fileID: 6243860568559505013, guid: 3f880b63616d73c4783bea1ff302081f,
        type: 3}
      propertyPath: m_LocalRotation.y
      value: 0
      objectReference: {fileID: 0}
    - target: {fileID: 6243860568559505013, guid: 3f880b63616d73c4783bea1ff302081f,
        type: 3}
      propertyPath: m_LocalRotation.z
      value: 0
      objectReference: {fileID: 0}
    - target: {fileID: 6243860568559505013, guid: 3f880b63616d73c4783bea1ff302081f,
        type: 3}
      propertyPath: m_LocalRotation.w
      value: 1
      objectReference: {fileID: 0}
    - target: {fileID: 6243860568559505013, guid: 3f880b63616d73c4783bea1ff302081f,
        type: 3}
      propertyPath: m_RootOrder
      value: 1
      objectReference: {fileID: 0}
    - target: {fileID: 6243860568559505013, guid: 3f880b63616d73c4783bea1ff302081f,
        type: 3}
      propertyPath: m_LocalEulerAnglesHint.x
      value: 0
      objectReference: {fileID: 0}
    - target: {fileID: 6243860568559505013, guid: 3f880b63616d73c4783bea1ff302081f,
        type: 3}
      propertyPath: m_LocalEulerAnglesHint.y
      value: 0
      objectReference: {fileID: 0}
    - target: {fileID: 6243860568559505013, guid: 3f880b63616d73c4783bea1ff302081f,
        type: 3}
      propertyPath: m_LocalEulerAnglesHint.z
      value: 0
      objectReference: {fileID: 0}
    m_RemovedComponents: []
  m_SourcePrefab: {fileID: 100100000, guid: 3f880b63616d73c4783bea1ff302081f, type: 3}
--- !u!1 &3570296779029086593 stripped
GameObject:
  m_CorrespondingSourceObject: {fileID: 4851580194475215146, guid: 3f880b63616d73c4783bea1ff302081f,
    type: 3}
  m_PrefabInstance: {fileID: 8275496782616856747}
  m_PrefabAsset: {fileID: 0}
--- !u!4 &2629783742298375902 stripped
Transform:
  m_CorrespondingSourceObject: {fileID: 6243860568559505013, guid: 3f880b63616d73c4783bea1ff302081f,
    type: 3}
  m_PrefabInstance: {fileID: 8275496782616856747}
  m_PrefabAsset: {fileID: 0}
