%YAML 1.1
%TAG !u! tag:unity3d.com,2011:
--- !u!1 &1254876523247554773
GameObject:
  m_ObjectHideFlags: 0
  m_CorrespondingSourceObject: {fileID: 0}
  m_PrefabInstance: {fileID: 0}
  m_PrefabAsset: {fileID: 0}
  serializedVersion: 6
  m_Component:
  - component: {fileID: 3638134846062512584}
  - component: {fileID: 4565750366715684619}
  - component: {fileID: 6819298159613030027}
  m_Layer: 0
  m_Name: turret_green_sniper_lv1
  m_TagString: turret_sniper_green_lv1
  m_Icon: {fileID: 0}
  m_NavMeshLayer: 0
  m_StaticEditorFlags: 0
  m_IsActive: 1
--- !u!4 &3638134846062512584
Transform:
  m_ObjectHideFlags: 0
  m_CorrespondingSourceObject: {fileID: 0}
  m_PrefabInstance: {fileID: 0}
  m_PrefabAsset: {fileID: 0}
  m_GameObject: {fileID: 1254876523247554773}
  m_LocalRotation: {x: -0, y: -0, z: -0, w: 1}
  m_LocalPosition: {x: 0, y: 0, z: 0}
  m_LocalScale: {x: 1, y: 1, z: 1}
  m_Children:
  - {fileID: 386923072570690741}
  m_Father: {fileID: 5234607586799513237}
  m_RootOrder: 0
  m_LocalEulerAnglesHint: {x: 0, y: 0, z: 0}
--- !u!212 &4565750366715684619
SpriteRenderer:
  m_ObjectHideFlags: 0
  m_CorrespondingSourceObject: {fileID: 0}
  m_PrefabInstance: {fileID: 0}
  m_PrefabAsset: {fileID: 0}
  m_GameObject: {fileID: 1254876523247554773}
  m_Enabled: 1
  m_CastShadows: 0
  m_ReceiveShadows: 0
  m_DynamicOccludee: 1
  m_MotionVectors: 1
  m_LightProbeUsage: 1
  m_ReflectionProbeUsage: 1
  m_RenderingLayerMask: 1
  m_RendererPriority: 0
  m_Materials:
  - {fileID: 10754, guid: 0000000000000000f000000000000000, type: 0}
  m_StaticBatchInfo:
    firstSubMesh: 0
    subMeshCount: 0
  m_StaticBatchRoot: {fileID: 0}
  m_ProbeAnchor: {fileID: 0}
  m_LightProbeVolumeOverride: {fileID: 0}
  m_ScaleInLightmap: 1
  m_PreserveUVs: 0
  m_IgnoreNormalsForChartDetection: 0
  m_ImportantGI: 0
  m_StitchLightmapSeams: 0
  m_SelectedEditorRenderState: 0
  m_MinimumChartSize: 4
  m_AutoUVMaxDistance: 0.5
  m_AutoUVMaxAngle: 89
  m_LightmapParameters: {fileID: 0}
  m_SortingLayerID: 0
  m_SortingLayer: 0
  m_SortingOrder: 0
  m_Sprite: {fileID: 21300000, guid: a4a9fa815493c084ea0cdaf471e93127, type: 3}
  m_Color: {r: 1, g: 1, b: 1, a: 1}
  m_FlipX: 0
  m_FlipY: 0
  m_DrawMode: 0
  m_Size: {x: 1.7, y: 1.7}
  m_AdaptiveModeThreshold: 0.5
  m_SpriteTileMode: 0
  m_WasSpriteAssigned: 1
  m_MaskInteraction: 0
  m_SpriteSortPoint: 0
--- !u!60 &6819298159613030027
PolygonCollider2D:
  m_ObjectHideFlags: 0
  m_CorrespondingSourceObject: {fileID: 0}
  m_PrefabInstance: {fileID: 0}
  m_PrefabAsset: {fileID: 0}
  m_GameObject: {fileID: 1254876523247554773}
  m_Enabled: 1
  m_Density: 1
  m_Material: {fileID: 0}
  m_IsTrigger: 0
  m_UsedByEffector: 0
  m_UsedByComposite: 0
  m_Offset: {x: 0, y: 0}
  m_SpriteTilingProperty:
    border: {x: 0, y: 0, z: 0, w: 0}
    pivot: {x: 0.5, y: 0.5}
    oldSize: {x: 1.7, y: 1.7}
    newSize: {x: 1.7, y: 1.7}
    adaptiveTilingThreshold: 0.5
    drawMode: 0
    adaptiveTiling: 0
  m_AutoTiling: 0
  m_Points:
    m_Paths:
    - - {x: 0.77489996, y: 0.08489998}
      - {x: 0.22489998, y: 0.17489998}
      - {x: -0.09510002, y: 0.17489998}
      - {x: -0.17510001, y: 0.094899975}
      - {x: -0.17510001, y: -0.15510002}
      - {x: -0.09510002, y: -0.17510001}
      - {x: 0.46489996, y: -0.17510001}
      - {x: 0.79489994, y: -0.12510002}
      - {x: 0.8149, y: -0.05510002}
      - {x: 0.8149, y: 0.06489997}
--- !u!1 &3774426899865248325
GameObject:
  m_ObjectHideFlags: 0
  m_CorrespondingSourceObject: {fileID: 0}
  m_PrefabInstance: {fileID: 0}
  m_PrefabAsset: {fileID: 0}
  serializedVersion: 6
  m_Component:
  - component: {fileID: 5234607586799513237}
  - component: {fileID: 1100358670643009229}
  - component: {fileID: 459953568367790025}
  - component: {fileID: 8348355854914375800}
  m_Layer: 0
  m_Name: turret_green_sniper
  m_TagString: turret_sniper
  m_Icon: {fileID: 0}
  m_NavMeshLayer: 0
  m_StaticEditorFlags: 0
  m_IsActive: 1
--- !u!4 &5234607586799513237
Transform:
  m_ObjectHideFlags: 0
  m_CorrespondingSourceObject: {fileID: 0}
  m_PrefabInstance: {fileID: 0}
  m_PrefabAsset: {fileID: 0}
  m_GameObject: {fileID: 3774426899865248325}
  m_LocalRotation: {x: -0, y: -0, z: -0, w: 1}
  m_LocalPosition: {x: 0, y: 0, z: -0.7}
  m_LocalScale: {x: 1, y: 1, z: 1}
  m_Children:
  - {fileID: 3638134846062512584}
  - {fileID: 5810763967055048144}
  - {fileID: 1827295323472356518}
  m_Father: {fileID: 0}
  m_RootOrder: 0
  m_LocalEulerAnglesHint: {x: 0, y: 0, z: 0}
--- !u!50 &1100358670643009229
Rigidbody2D:
  serializedVersion: 4
  m_ObjectHideFlags: 0
  m_CorrespondingSourceObject: {fileID: 0}
  m_PrefabInstance: {fileID: 0}
  m_PrefabAsset: {fileID: 0}
  m_GameObject: {fileID: 3774426899865248325}
  m_BodyType: 2
  m_Simulated: 1
  m_UseFullKinematicContacts: 0
  m_UseAutoMass: 0
  m_Mass: 1
  m_LinearDrag: 0
  m_AngularDrag: 0.05
  m_GravityScale: 1
  m_Material: {fileID: 0}
  m_Interpolate: 0
  m_SleepingMode: 1
  m_CollisionDetection: 0
  m_Constraints: 0
--- !u!114 &459953568367790025
MonoBehaviour:
  m_ObjectHideFlags: 0
  m_CorrespondingSourceObject: {fileID: 0}
  m_PrefabInstance: {fileID: 0}
  m_PrefabAsset: {fileID: 0}
  m_GameObject: {fileID: 3774426899865248325}
  m_Enabled: 1
  m_EditorHideFlags: 0
  m_Script: {fileID: 11500000, guid: 5cc9aa6dfc36b36439cc3784dbc0ff1c, type: 3}
  m_Name: 
  m_EditorClassIdentifier: 
  closestEnemy: {x: 0, y: 0}
  enemyFound: 0
  bullet_lvl_1: {fileID: 8318176089401717882, guid: c5c9e86d83a1a7646b10e9c41b44bb6a,
    type: 3}
  bullet_lvl_2: {fileID: 6154635085894049441, guid: 656473e8de58e6445966e43e759e3ab4,
    type: 3}
  bullet_lvl_3_blue: {fileID: 425228036891165859, guid: f2e951ccee81fd447b24a466ee46eff0,
    type: 3}
  bullet_lvl_3_green: {fileID: 114317092523753887, guid: 21b3c48f0602f6c41a00c4471601373e,
    type: 3}
  bullet_lvl_3_purple: {fileID: 3979715494553065554, guid: 95af1d815c7845f478e01f3fbe5b9bd1,
    type: 3}
  bullet_lvl_3_red: {fileID: 8860745395513876929, guid: 470489afb7fe4104eb95fa9275aa7f48,
    type: 3}
  missile_lvl_1: {fileID: 0}
  missile_lvl_2: {fileID: 0}
  missile_lvl_3: {fileID: 0}
  bullet_lvl_1_shot: {fileID: 8300000, guid: 2861b535499fff642add51e1fe206df2, type: 3}
  bullet_lvl_2_shot: {fileID: 8300000, guid: fa1868caaf19932498163e3f730dbaee, type: 3}
  bullet_lvl_3_shot: {fileID: 8300000, guid: b0049ce69eb0bd844bce828583f50003, type: 3}
  audio_source: {fileID: 8348355854914375800}
  single_barrel: {fileID: 0}
  double_barrel_1: {fileID: 0}
  double_barrel_2: {fileID: 0}
  triple_barrel_1: {fileID: 0}
  triple_barrel_2: {fileID: 0}
  triple_barrel_3: {fileID: 0}
  sniper_barrel: {fileID: 6372986363459030100}
  missile_spot: {fileID: 0}
  turret_top: {fileID: 1254876523247554773}
  turret_base: {fileID: 4994803607753616015}
  turret_safeArea: {fileID: 4809545534147761577}
  turret_name: 
  turret_colour_level: 0
  turret_fireRate_level: 0
  turret_range: 0
  turret_fireRate: 0
  timeSinceLastShot: 0
  turretPlaced: 0
  mouseOverTurret: 0
--- !u!82 &8348355854914375800
AudioSource:
  m_ObjectHideFlags: 0
  m_CorrespondingSourceObject: {fileID: 0}
  m_PrefabInstance: {fileID: 0}
  m_PrefabAsset: {fileID: 0}
  m_GameObject: {fileID: 3774426899865248325}
  m_Enabled: 1
  serializedVersion: 4
  OutputAudioMixerGroup: {fileID: 0}
  m_audioClip: {fileID: 0}
  m_PlayOnAwake: 1
  m_Volume: 1
  m_Pitch: 1
  Loop: 0
  Mute: 0
  Spatialize: 0
  SpatializePostEffects: 0
  Priority: 128
  DopplerLevel: 1
  MinDistance: 1
  MaxDistance: 500
  Pan2D: 0
  rolloffMode: 0
  BypassEffects: 0
  BypassListenerEffects: 0
  BypassReverbZones: 0
  rolloffCustomCurve:
    serializedVersion: 2
    m_Curve:
    - serializedVersion: 3
      time: 0
      value: 1
      inSlope: 0
      outSlope: 0
      tangentMode: 0
      weightedMode: 0
      inWeight: 0.33333334
      outWeight: 0.33333334
    - serializedVersion: 3
      time: 1
      value: 0
      inSlope: 0
      outSlope: 0
      tangentMode: 0
      weightedMode: 0
      inWeight: 0.33333334
      outWeight: 0.33333334
    m_PreInfinity: 2
    m_PostInfinity: 2
    m_RotationOrder: 4
  panLevelCustomCurve:
    serializedVersion: 2
    m_Curve:
    - serializedVersion: 3
      time: 0
      value: 0
      inSlope: 0
      outSlope: 0
      tangentMode: 0
      weightedMode: 0
      inWeight: 0.33333334
      outWeight: 0.33333334
    m_PreInfinity: 2
    m_PostInfinity: 2
    m_RotationOrder: 4
  spreadCustomCurve:
    serializedVersion: 2
    m_Curve:
    - serializedVersion: 3
      time: 0
      value: 0
      inSlope: 0
      outSlope: 0
      tangentMode: 0
      weightedMode: 0
      inWeight: 0.33333334
      outWeight: 0.33333334
    m_PreInfinity: 2
    m_PostInfinity: 2
    m_RotationOrder: 4
  reverbZoneMixCustomCurve:
    serializedVersion: 2
    m_Curve:
    - serializedVersion: 3
      time: 0
      value: 1
      inSlope: 0
      outSlope: 0
      tangentMode: 0
      weightedMode: 0
      inWeight: 0.33333334
      outWeight: 0.33333334
    m_PreInfinity: 2
    m_PostInfinity: 2
    m_RotationOrder: 4
--- !u!60 &24128696231411870
PolygonCollider2D:
  m_ObjectHideFlags: 0
  m_CorrespondingSourceObject: {fileID: 0}
  m_PrefabInstance: {fileID: 0}
  m_PrefabAsset: {fileID: 0}
  m_GameObject: {fileID: 4994803607753616015}
  m_Enabled: 1
  m_Density: 1
  m_Material: {fileID: 0}
  m_IsTrigger: 0
  m_UsedByEffector: 0
  m_UsedByComposite: 0
  m_Offset: {x: 0, y: 0}
  m_SpriteTilingProperty:
    border: {x: 0, y: 0, z: 0, w: 0}
    pivot: {x: 0.5, y: 0.5}
    oldSize: {x: 1.7, y: 1.7}
    newSize: {x: 1.7, y: 1.7}
    adaptiveTilingThreshold: 0.5
    drawMode: 0
    adaptiveTiling: 0
  m_AutoTiling: 0
  m_Points:
    m_Paths:
    - - {x: 0.35999998, y: -0.11}
      - {x: 0.26, y: -0.02}
      - {x: 0.35999998, y: 0.099999994}
      - {x: 0.35999998, y: 0.19}
      - {x: 0.32999998, y: 0.26}
      - {x: 0.19999999, y: 0.35999998}
      - {x: 0.14999999, y: 0.37}
      - {x: 0.12, y: 0.37}
      - {x: 0.03, y: 0.26}
      - {x: -0.12, y: 0.37}
      - {x: -0.17999999, y: 0.37}
      - {x: -0.25, y: 0.32999998}
      - {x: -0.37, y: 0.17999999}
      - {x: -0.37, y: 0.14}
      - {x: -0.34, y: 0.089999996}
      - {x: -0.34, y: -0.06}
      - {x: -0.37, y: -0.099999994}
      - {x: -0.37, y: -0.19999999}
      - {x: -0.19, y: -0.35999998}
      - {x: -0.089999996, y: -0.35999998}
      - {x: 0.06, y: -0.32999998}
      - {x: 0.099999994, y: -0.35999998}
      - {x: 0.21, y: -0.35999998}
      - {x: 0.25, y: -0.32}
      - {x: 0.35999998, y: -0.17999999}
--- !u!1001 &2152304435671924425
PrefabInstance:
  m_ObjectHideFlags: 0
  serializedVersion: 2
  m_Modification:
    m_TransformParent: {fileID: 3638134846062512584}
    m_Modifications:
    - target: {fileID: 5021478598131495581, guid: 55f2e913e12a23545a3bf041e97b1e19,
        type: 3}
      propertyPath: m_Name
      value: sniper_barrel
      objectReference: {fileID: 0}
    - target: {fileID: 1765451766448681596, guid: 55f2e913e12a23545a3bf041e97b1e19,
        type: 3}
      propertyPath: m_LocalPosition.x
      value: 0.76
      objectReference: {fileID: 0}
    - target: {fileID: 1765451766448681596, guid: 55f2e913e12a23545a3bf041e97b1e19,
        type: 3}
      propertyPath: m_LocalPosition.y
      value: 0
      objectReference: {fileID: 0}
    - target: {fileID: 1765451766448681596, guid: 55f2e913e12a23545a3bf041e97b1e19,
        type: 3}
      propertyPath: m_LocalPosition.z
      value: -0.7
      objectReference: {fileID: 0}
    - target: {fileID: 1765451766448681596, guid: 55f2e913e12a23545a3bf041e97b1e19,
        type: 3}
      propertyPath: m_LocalRotation.x
      value: -0
      objectReference: {fileID: 0}
    - target: {fileID: 1765451766448681596, guid: 55f2e913e12a23545a3bf041e97b1e19,
        type: 3}
      propertyPath: m_LocalRotation.y
      value: -0
      objectReference: {fileID: 0}
    - target: {fileID: 1765451766448681596, guid: 55f2e913e12a23545a3bf041e97b1e19,
        type: 3}
      propertyPath: m_LocalRotation.z
      value: -0
      objectReference: {fileID: 0}
    - target: {fileID: 1765451766448681596, guid: 55f2e913e12a23545a3bf041e97b1e19,
        type: 3}
      propertyPath: m_LocalRotation.w
      value: 1
      objectReference: {fileID: 0}
    - target: {fileID: 1765451766448681596, guid: 55f2e913e12a23545a3bf041e97b1e19,
        type: 3}
      propertyPath: m_RootOrder
      value: 0
      objectReference: {fileID: 0}
    - target: {fileID: 1765451766448681596, guid: 55f2e913e12a23545a3bf041e97b1e19,
        type: 3}
      propertyPath: m_LocalEulerAnglesHint.x
      value: 0
      objectReference: {fileID: 0}
    - target: {fileID: 1765451766448681596, guid: 55f2e913e12a23545a3bf041e97b1e19,
        type: 3}
      propertyPath: m_LocalEulerAnglesHint.y
      value: 0
      objectReference: {fileID: 0}
    - target: {fileID: 1765451766448681596, guid: 55f2e913e12a23545a3bf041e97b1e19,
        type: 3}
      propertyPath: m_LocalEulerAnglesHint.z
      value: 0
      objectReference: {fileID: 0}
    m_RemovedComponents: []
  m_SourcePrefab: {fileID: 100100000, guid: 55f2e913e12a23545a3bf041e97b1e19, type: 3}
--- !u!1 &6372986363459030100 stripped
GameObject:
  m_CorrespondingSourceObject: {fileID: 5021478598131495581, guid: 55f2e913e12a23545a3bf041e97b1e19,
    type: 3}
  m_PrefabInstance: {fileID: 2152304435671924425}
  m_PrefabAsset: {fileID: 0}
--- !u!4 &386923072570690741 stripped
Transform:
  m_CorrespondingSourceObject: {fileID: 1765451766448681596, guid: 55f2e913e12a23545a3bf041e97b1e19,
    type: 3}
  m_PrefabInstance: {fileID: 2152304435671924425}
  m_PrefabAsset: {fileID: 0}
--- !u!1001 &3126568644432694756
PrefabInstance:
  m_ObjectHideFlags: 0
  serializedVersion: 2
  m_Modification:
    m_TransformParent: {fileID: 5234607586799513237}
    m_Modifications:
    - target: {fileID: 7940645449415223147, guid: 3ac330daa7674e34e8df2d2118e033be,
        type: 3}
      propertyPath: m_Name
      value: base_sniper_green
      objectReference: {fileID: 0}
    - target: {fileID: 8917187286387236916, guid: 3ac330daa7674e34e8df2d2118e033be,
        type: 3}
      propertyPath: m_LocalPosition.x
      value: 0
      objectReference: {fileID: 0}
    - target: {fileID: 8917187286387236916, guid: 3ac330daa7674e34e8df2d2118e033be,
        type: 3}
      propertyPath: m_LocalPosition.y
      value: 0
      objectReference: {fileID: 0}
    - target: {fileID: 8917187286387236916, guid: 3ac330daa7674e34e8df2d2118e033be,
        type: 3}
      propertyPath: m_LocalPosition.z
      value: 0.1
      objectReference: {fileID: 0}
    - target: {fileID: 8917187286387236916, guid: 3ac330daa7674e34e8df2d2118e033be,
        type: 3}
      propertyPath: m_LocalRotation.x
      value: 0
      objectReference: {fileID: 0}
    - target: {fileID: 8917187286387236916, guid: 3ac330daa7674e34e8df2d2118e033be,
        type: 3}
      propertyPath: m_LocalRotation.y
      value: 0
      objectReference: {fileID: 0}
    - target: {fileID: 8917187286387236916, guid: 3ac330daa7674e34e8df2d2118e033be,
        type: 3}
      propertyPath: m_LocalRotation.z
      value: 0
      objectReference: {fileID: 0}
    - target: {fileID: 8917187286387236916, guid: 3ac330daa7674e34e8df2d2118e033be,
        type: 3}
      propertyPath: m_LocalRotation.w
      value: 1
      objectReference: {fileID: 0}
    - target: {fileID: 8917187286387236916, guid: 3ac330daa7674e34e8df2d2118e033be,
        type: 3}
      propertyPath: m_RootOrder
      value: 1
      objectReference: {fileID: 0}
    - target: {fileID: 8917187286387236916, guid: 3ac330daa7674e34e8df2d2118e033be,
        type: 3}
      propertyPath: m_LocalEulerAnglesHint.x
      value: 0
      objectReference: {fileID: 0}
    - target: {fileID: 8917187286387236916, guid: 3ac330daa7674e34e8df2d2118e033be,
        type: 3}
      propertyPath: m_LocalEulerAnglesHint.y
      value: 0
      objectReference: {fileID: 0}
    - target: {fileID: 8917187286387236916, guid: 3ac330daa7674e34e8df2d2118e033be,
        type: 3}
      propertyPath: m_LocalEulerAnglesHint.z
      value: 0
      objectReference: {fileID: 0}
    - target: {fileID: 8654003355927771045, guid: 3ac330daa7674e34e8df2d2118e033be,
        type: 3}
      propertyPath: m_Sprite
      value: 
      objectReference: {fileID: 21300000, guid: a63598d71574d6946a5746dfbbdfeadf,
        type: 3}
    - target: {fileID: 8654003355927771045, guid: 3ac330daa7674e34e8df2d2118e033be,
        type: 3}
      propertyPath: m_WasSpriteAssigned
      value: 1
      objectReference: {fileID: 0}
    m_RemovedComponents: []
  m_SourcePrefab: {fileID: 100100000, guid: 3ac330daa7674e34e8df2d2118e033be, type: 3}
--- !u!1 &4994803607753616015 stripped
GameObject:
  m_CorrespondingSourceObject: {fileID: 7940645449415223147, guid: 3ac330daa7674e34e8df2d2118e033be,
    type: 3}
  m_PrefabInstance: {fileID: 3126568644432694756}
  m_PrefabAsset: {fileID: 0}
--- !u!4 &5810763967055048144 stripped
Transform:
  m_CorrespondingSourceObject: {fileID: 8917187286387236916, guid: 3ac330daa7674e34e8df2d2118e033be,
    type: 3}
  m_PrefabInstance: {fileID: 3126568644432694756}
  m_PrefabAsset: {fileID: 0}
--- !u!1001 &6631006004233753053
PrefabInstance:
  m_ObjectHideFlags: 0
  serializedVersion: 2
  m_Modification:
    m_TransformParent: {fileID: 5234607586799513237}
    m_Modifications:
    - target: {fileID: 2213766583013360756, guid: a37049d417e5582428bafa83e0aebe76,
        type: 3}
      propertyPath: m_Name
      value: safe_area
      objectReference: {fileID: 0}
    - target: {fileID: 4998375179539756411, guid: a37049d417e5582428bafa83e0aebe76,
        type: 3}
      propertyPath: m_LocalPosition.x
      value: 0
      objectReference: {fileID: 0}
    - target: {fileID: 4998375179539756411, guid: a37049d417e5582428bafa83e0aebe76,
        type: 3}
      propertyPath: m_LocalPosition.y
      value: 0
      objectReference: {fileID: 0}
    - target: {fileID: 4998375179539756411, guid: a37049d417e5582428bafa83e0aebe76,
        type: 3}
      propertyPath: m_LocalPosition.z
      value: 0.7252794
      objectReference: {fileID: 0}
    - target: {fileID: 4998375179539756411, guid: a37049d417e5582428bafa83e0aebe76,
        type: 3}
      propertyPath: m_LocalRotation.x
      value: -0
      objectReference: {fileID: 0}
    - target: {fileID: 4998375179539756411, guid: a37049d417e5582428bafa83e0aebe76,
        type: 3}
      propertyPath: m_LocalRotation.y
      value: -0
      objectReference: {fileID: 0}
    - target: {fileID: 4998375179539756411, guid: a37049d417e5582428bafa83e0aebe76,
        type: 3}
      propertyPath: m_LocalRotation.z
      value: -0
      objectReference: {fileID: 0}
    - target: {fileID: 4998375179539756411, guid: a37049d417e5582428bafa83e0aebe76,
        type: 3}
      propertyPath: m_LocalRotation.w
      value: 1
      objectReference: {fileID: 0}
    - target: {fileID: 4998375179539756411, guid: a37049d417e5582428bafa83e0aebe76,
        type: 3}
      propertyPath: m_RootOrder
      value: 2
      objectReference: {fileID: 0}
    - target: {fileID: 4998375179539756411, guid: a37049d417e5582428bafa83e0aebe76,
        type: 3}
      propertyPath: m_LocalEulerAnglesHint.x
      value: 0
      objectReference: {fileID: 0}
    - target: {fileID: 4998375179539756411, guid: a37049d417e5582428bafa83e0aebe76,
        type: 3}
      propertyPath: m_LocalEulerAnglesHint.y
      value: 0
      objectReference: {fileID: 0}
    - target: {fileID: 4998375179539756411, guid: a37049d417e5582428bafa83e0aebe76,
        type: 3}
      propertyPath: m_LocalEulerAnglesHint.z
      value: 0
      objectReference: {fileID: 0}
    m_RemovedComponents: []
  m_SourcePrefab: {fileID: 100100000, guid: a37049d417e5582428bafa83e0aebe76, type: 3}
--- !u!1 &4809545534147761577 stripped
GameObject:
  m_CorrespondingSourceObject: {fileID: 2213766583013360756, guid: a37049d417e5582428bafa83e0aebe76,
    type: 3}
  m_PrefabInstance: {fileID: 6631006004233753053}
  m_PrefabAsset: {fileID: 0}
--- !u!4 &1827295323472356518 stripped
Transform:
  m_CorrespondingSourceObject: {fileID: 4998375179539756411, guid: a37049d417e5582428bafa83e0aebe76,
    type: 3}
  m_PrefabInstance: {fileID: 6631006004233753053}
  m_PrefabAsset: {fileID: 0}
